<?xml version="1.0" encoding="UTF-8"?><record xmlns="http://www.loc.gov/MARC21/slim" xmlns:cinclude="http://apache.org/cocoon/include/1.0" xmlns:zs="http://www.loc.gov/zing/srw/">
  <leader>00477nz  a2200145n  4500</leader>
  <controlfield tag="001">no2011048898</controlfield>
  <controlfield tag="003">DLC</controlfield>
  <controlfield tag="005">20110330075239.0</controlfield>
  <controlfield tag="008">110328n| acannaabn          |n ana     c</controlfield>
  <datafield tag="010" ind1=" " ind2=" ">
    <subfield code="a">no2011048898</subfield>
  </datafield>
  <datafield tag="035" ind1=" " ind2=" ">
    <subfield code="a">(OCoLC)oca08811089</subfield>
  </datafield>
  <datafield tag="040" ind1=" " ind2=" ">
    <subfield code="a">OBgU-MA</subfield>
    <subfield code="b">eng</subfield>
    <subfield code="c">OBgU-MA</subfield>
  </datafield>
  <datafield tag="110" ind1="2" ind2=" ">
    <subfield code="a">Corvettes (Musical group : Pennsylvania)</subfield>
  </datafield>
  <datafield tag="667" ind1=" " ind2=" ">
    <subfield code="a">Do not confuse with other musical group: Corvettes</subfield>
  </datafield>
  <datafield tag="670" ind1=" " ind2=" ">
    <subfield code="a">A million dollars worth of doo-wop, volume thirteen [SR] 1995:</subfield>
    <subfield code="b">container (Corvettes)</subfield>
  </datafield>
</record>